<?xml version="1.0" encoding="UTF-8"?><collection xmlns="http://www.loc.gov/MARC21/slim"><record><leader>00451nam--2200133-i-4500</leader><controlfield tag="001">000023377</controlfield><controlfield tag="002">20161230</controlfield><controlfield tag="005">20161230201035</controlfield><controlfield tag="008">060222s1000------------r-----000-0-eng-d</controlfield><datafield ind1=" " ind2=" " tag="080"><subfield code="a">539.12(047.1)</subfield></datafield><datafield ind1=" " ind2=" " tag="100"><subfield code="a">Hontebeyrie, M., Noirot, Y And Rimpault, M</subfield></datafield><datafield ind1=" " ind2=" " tag="245"><subfield code="a">Resonancce decay contributions and regge trajectory in k p  k x</subfield></datafield><datafield ind1=" " ind2=" " tag="260"><subfield code="a">Bordeaux, Laboratoire De Physique Theorique, L`Universite De Bordeaux I, 1973, 17p. + 12p. Fig</subfield></datafield><datafield ind1=" " ind2=" " tag="852"><subfield code="a">40639</subfield></datafield></record></collection>